<?xml version="1.0" encoding="UTF-8"?><collection xmlns="http://www.loc.gov/MARC21/slim"><record><leader>00508nam--2200157-i-4500</leader><controlfield tag="001">000030459</controlfield><controlfield tag="002">20161230</controlfield><controlfield tag="005">20170115231001</controlfield><controlfield tag="008">060222s1000------------r-----000-0-eng-d</controlfield><datafield ind1=" " ind2=" " tag="080"><subfield code="a">531.19(01)(061.3)</subfield></datafield><datafield ind1=" " ind2=" " tag="245"><subfield code="a">International Conference on Statistical Physics. Budapest, August 25-29, 1975. Abstracts of the contributed parers</subfield></datafield><datafield ind1=" " ind2=" " tag="260"><subfield code="a">Budapest</subfield><subfield code="b">Akad©♭miai Kiad©đ-MTA K©œzponti Fizikai Kutat©đ Int©♭zete</subfield><subfield code="c">1975</subfield></datafield><datafield ind1=" " ind2=" " tag="300"><subfield code="a">269 p</subfield></datafield><datafield ind1=" " ind2=" " tag="490"><subfield code="a">Iupap</subfield></datafield><datafield ind1=" " ind2=" " tag="852"><subfield code="a">45878</subfield></datafield><datafield ind1=" " ind2=" " tag="CAT"><subfield code="a">SYS</subfield><subfield code="c">20170115</subfield><subfield code="h">231001</subfield></datafield></record></collection>